<?xml version="1.0" encoding="UTF-8"?><collection xmlns="http://www.loc.gov/MARC21/slim"><record><leader>00568nam--2200169-i-4500</leader><controlfield tag="001">000010979</controlfield><controlfield tag="002">20161230</controlfield><controlfield tag="005">20161230201029</controlfield><controlfield tag="008">060222s1000------------r-----000-0-eng-d</controlfield><datafield ind1=" " ind2=" " tag="040"><subfield code="a">IFIN-HH</subfield></datafield><datafield ind1=" " ind2=" " tag="080"><subfield code="a">539.12(043)</subfield></datafield><datafield ind1="1" ind2=" " tag="100"><subfield code="a">Angelopoulos, Eugenios</subfield></datafield><datafield ind1="1" ind2="0" tag="245"><subfield code="a">Sur les representations de certains groupes semi-simple et leurs applications en physique des particles elementaires</subfield><subfield code="b">These</subfield><subfield code="c">Eugenios angelopoulos</subfield></datafield><datafield ind1=" " ind2=" " tag="260"><subfield code="a">Paris - Article Principal</subfield><subfield code="b">Universite De Paris</subfield><subfield code="c">1972</subfield></datafield><datafield ind1=" " ind2=" " tag="300"><subfield code="a">2884-2897 P</subfield></datafield><datafield ind1=" " ind2=" " tag="852"><subfield code="a">40507</subfield><subfield code="c">539.12</subfield></datafield><datafield ind1=" " ind2=" " tag="CAT"><subfield code="a">Sys</subfield><subfield code="c">20111124</subfield><subfield code="h">084347</subfield></datafield></record></collection>